@article{Boningari_2016,
author = {Boningari, Thirupathi and Smirniotis, Panagiotis G.},
doi = {10.1016/j.coche.2016.09.004},
file = {:Users/cosmo/Documents/liu/THESIS/references/1-s2.0-S2211339816300661-main.pdf:pdf},
issn = {22113398},
journal = {Current Opinion in Chemical Engineering},
number = {x},
pages = {133--141},
publisher = {Elsevier Ltd},
title = {Impact of nitrogen oxides on the environment and human health: Mn-based materials for the NOx abatement},
url = {http://dx.doi.org/10.1016/j.coche.2016.09.004},
volume = {13},
year = {2016}
}
@misc{EPA_2019,
	author={USEPA},
	year = {2019},
	title={Nitrogen Oxides Control Regulations},
	howpublished={\url{https://www3.epa.gov/region1/airquality/nox.html}},
	note={Accessed 2021-02-09}
}


@article{Bernabeo_2019,
	author = {{Alberto Bernabeo}, R. and Webster, K. and Onofri, M.},
	doi = {10.33552/gjes.2019.02.000540},
	journal = {Global Journal of Engineering Sciences},
	keywords = {cap-and-trade,health impacts,mortality,no x,no x emissions,point sources},
	number = {3},
	pages = {2--7},
	title = {Health and Environmental Impacts of Nox: An Ultra- Low Level of Nox (Oxides of Nitrogen) Achievable with A New Technology}},
	volume = {2},
	year = {2019}
}

@article{Forzatti_2001,
	title = {Present status and perspectives in de-NOx SCR catalysis},
	journal = {Applied Catalysis A: General},
	volume = {222},
	number = {1},
	pages = {221-236},
	year = {2001},
	note = {Celebration Issue},
	issn = {0926-860X},
	doi = {https://doi.org/10.1016/S0926-860X(01)00832-8},
	url = {https://www.sciencedirect.com/science/article/pii/S0926860X01008328},
	author = {Pio Forzatti},
	keywords = {De-NO, SCR, NO reduction}
}

@book{RAND_2018,
	author={Guthrie, Susan and Sarah Giles and Fay Dunkerley and Hadeel Tabaqchali and Amelia Harshfield and Becky Ioppolo and Catriona Manville},
	title={Impact of ammonia emissions from agriculture on biodiversity: An evidence synthesis},
	address={Santa Monica, CA},
	year={2018},
	doi={10.7249/RR2695},
	publisher={RAND Corporation}
}

@article{ASTDRA_2004,
	author = {ASTDR },
	file = {:Users/cosmo/Downloads/mmg126.pdf:pdf},
	pages = {1--18},
	title = {{Sheet for ammonia published by the Agency for Toxic Substance and Disease Registry (ASTDR)}},
	url = {https://www.atsdr.cdc.gov/MHMI/mmg126.pdf\%0Ahttps://www.atsdr.cdc.gov/mmg/mmg.asp?id=7&tid=2#bookmark02},
	volume = {2672},
	year = {2004}
}

@phdthesis{Bastuck_2019,
	author = {Bastuck, Manuel},
	year = {2019},
	month = {01},
	pages = {267},
	title = {Improving the performance of gas sensor systems with advanced data evaluation, operation, and calibration methods}
}

@article{bur2014,
title = {Selectivity enhancement of SiC-FET gas sensors by combining temperature and gate bias cycled operation using multivariate statistics},
journal = {Sensors and Actuators B: Chemical},
volume = {193},
pages = {931-940},
year = {2014},
issn = {0925-4005},
doi = {https://doi.org/10.1016/j.snb.2013.12.030},
url = {https://www.sciencedirect.com/science/article/pii/S0925400513015037},
author = {Christian Bur and Manuel Bastuck and Anita {Lloyd Spetz} and Mike Andersson and Andreas Schütze},
keywords = {SiC-FET, Temperature modulation, Gate bias modulation, Selectivity, Feature extraction, Pattern recognition}
}

@article{wold2011,
	title = {PLS-regression: a basic tool of chemometrics},
	journal = {Chemometrics and Intelligent Laboratory Systems},
	volume = {58},
	number = {2},
	pages = {109-130},
	year = {2001},
	note = {PLS Methods},
	issn = {0169-7439},
	doi = {https://doi.org/10.1016/S0169-7439(01)00155-1},
	url = {https://www.sciencedirect.com/science/article/pii/S0169743901001551},
	author = {Svante Wold and Michael Sjöström and Lennart Eriksson},
	keywords = {PLS, PLSR, Two-block predictive PLS, Latent variables, Multivariate analysis}
}

